@article{Tyson2003221,
title = "Sniffers, buzzers, toggles and blinkers: dynamics of regulatory and signaling pathways in the cell ",
journal = "Current Opinion in Cell Biology ",
volume = "15",
number = "2",
pages = "221 - 231",
year = "2003",
note = "",
issn = "0955-0674",
doi = "http://dx.doi.org/10.1016/S0955-0674(03)00017-6",
url = "http://www.sciencedirect.com/science/article/pii/S0955067403000176",
author = "John J Tyson and Katherine C Chen and Bela Novak"
}

