@article{PhysRevA.29.371,
  title = {Bistable systems: Master equation versus Fokker-Planck modeling},
  author = {Hanggi, Peter and Grabert, Hermann and Talkner, Peter and Thomas, Harry},
  journal = {Phys. Rev. A},
  volume = {29},
  issue = {1},
  pages = {371--378},
  numpages = {0},
  year = {1984},
  month = {Jan},
  publisher = {American Physical Society},
  doi = {10.1103/PhysRevA.29.371},
  url = {http://link.aps.org/doi/10.1103/PhysRevA.29.371}
}
