@article{Gillespie1992404,
title = "A rigorous derivation of the chemical master equation ",
journal = "Physica A: Statistical Mechanics and its Applications ",
volume = "188",
number = "1â€“3",
pages = "404 - 425",
year = "1992",
note = "",
issn = "0378-4371",
doi = "http://dx.doi.org/10.1016/0378-4371(92)90283-V",
url = "http://www.sciencedirect.com/science/article/pii/037843719290283V",
author = "Daniel T. Gillespie"
}

