@article{Gillespie1976403,
title = "A general method for numerically simulating the stochastic time evolution of coupled chemical reactions ",
journal = "Journal of Computational Physics ",
volume = "22",
number = "4",
pages = "403 - 434",
year = "1976",
note = "",
issn = "0021-9991",
doi = "http://dx.doi.org/10.1016/0021-9991(76)90041-3",
url = "http://www.sciencedirect.com/science/article/pii/0021999176900413",
author = "Daniel T Gillespie"
}

