@article{:/content/aip/journal/jcp/113/1/10.1063/1.481811,
   author = "Gillespie, Daniel T.",
   title = "The chemical Langevin equation",
   journal = "The Journal of Chemical Physics",
   year = "2000",
   volume = "113",
   number = "1", 
   eid = ,
   pages = "297-306",
   url = "http://scitation.aip.org/content/aip/journal/jcp/113/1/10.1063/1.481811",
   doi = "http://dx.doi.org/10.1063/1.481811" 
}

