@article{RefWorks:4,	author={Jeff Hasty and David McMillen and Farren Isaacs and James J. Collins},	year={2001},	month={print},	title={Computational studies of gene regulatory networks: in numero molecular biology},	journal={Nature reviews. Genetics},	volume={2},	number={4},	pages={268-279},	note={M3: 10.1038/35066056; 10.1038/35066056},	isbn={1471-0056},	url={http://dx.doi.org/10.1038/35066056}}