@book{RefWorks:1,	author={A. P. J. Jansen and A. P. J. Jansen},	year={2012},	title={An introduction to kinetic Monte Carlo simulations of surface reactions},	publisher={Heidelberg : Springer},	address={Heidelberg; Heidelberg ; New York},	note={ID: dedupmrg15859087; Includes bibliographical references and index.},	keywords={Monte Carlo method}}@misc{RefWorks:2,	author={Thomas B. Kepler and Timothy C. Elston},	year={2001},	month={12/01},	title={Stochasticity in Transcriptional Regulation: Origins, Consequences, and Mathematical Representations},	journal={Biophysical journal},	volume={81},	number={6},	pages={3116-3136},	note={ID: S0006-3495(01)75949-8 DOI - 10.1016/S0006-3495(01)75949-8},	isbn={0006-3495},	url={http://linkinghub.elsevier.com/retrieve/pii/S0006349501759498}}