@incollection{
year={2010},
isbn={978-3-642-03162-5},
booktitle={Monte Carlo Simulation in Statistical Physics},
volume={0},
series={Graduate Texts in Physics},
doi={10.1007/978-3-642-03163-2_2},
title={Theoretical Foundations of the Monte Carlo Method and Its Applications in Statistical Physics},
url={http://dx.doi.org/10.1007/978-3-642-03163-2_2},
publisher={Springer Berlin Heidelberg},
author={Binder, Kurt and Heermann, DieterW.},
pages={5-67},
language={English}
}
