@article{Huber199697,
title = "Weighted-ensemble Brownian dynamics simulations for protein association reactions ",
journal = "Biophysical Journal ",
volume = "70",
number = "1",
pages = "97 - 110",
year = "1996",
note = "",
issn = "0006-3495",
doi = "http://dx.doi.org/10.1016/S0006-3495(96)79552-8",
url = "http://www.sciencedirect.com/science/article/pii/S0006349596795528",
author = "G.A. Huber and S. Kim"
}

