@article{:/content/aip/journal/jcp/139/11/10.1063/1.4821167,
   author = "Donovan, Rory M. and Sedgewick, Andrew J. and Faeder, James R. and Zuckerman, Daniel M.",
   title = "Efficient stochastic simulation of chemical kinetics networks using a weighted ensemble of trajectories",
   journal = "The Journal of Chemical Physics",
   year = "2013",
   volume = "139",
   number = "11", 
   eid = 115105,
   pages = "-",
   url = "http://scitation.aip.org/content/aip/journal/jcp/139/11/10.1063/1.4821167",
   doi = "http://dx.doi.org/10.1063/1.4821167" 
}

