@article{:/content/aip/journal/jcp/132/5/10.1063/1.3306345,
   author = "Zhang, Bin W. and Jasnow, David and Zuckerman, Daniel M.",
   title = "The “weighted ensemble” path sampling method is statistically exact for a broad class of stochastic processes and binning procedures",
   journal = "The Journal of Chemical Physics",
   year = "2010",
   volume = "132",
   number = "5", 
   eid = 054107,
   pages = "-",
   url = "http://scitation.aip.org/content/aip/journal/jcp/132/5/10.1063/1.3306345",
   doi = "http://dx.doi.org/10.1063/1.3306345" 
}

